@article{chow,
 author = {Chow, Edmond and Saad, Yousef},
 title = {Approximate Inverse Preconditioners via Sparse-Sparse Iterations},
 journal = {SIAM J. Sci. Comput.},
 issue_date = {May 1998},
 volume = {19},
 number = {3},
 month = may,
 year = {1998},
 issn = {1064-8275},
 pages = {995--1023},
 numpages = {29},
 url = {http://dx.doi.org/10.1137/S1064827594270415},
 doi = {10.1137/S1064827594270415},
 acmid = {292377},
 publisher = {Society for Industrial and Applied Mathematics},
 address = {Philadelphia, PA, USA},
 keywords = {Krylov subspace methods, approximate inverse, preconditioning, threshold dropping strategies},
} 

@article{grote,
	author = {Grote, Marcus J. and Huckle, Thomas},
	title = {Parallel Preconditioning with Sparse Approximate Inverses},
	journal = {SIAM J. Sci. Comput.},
	issue_date = {May 1997},
	volume = {18},
	number = {3},
	month = may,
	year = {1997},
	issn = {1064-8275},
	pages = {838--853},
	numpages = {16},
	url = {https://doi.org/10.1137/S1064827594276552},
	doi = {10.1137/S1064827594276552},
	acmid = {253592},
	publisher = {Society for Industrial and Applied Mathematics},
	address = {Philadelphia, PA, USA},
	keywords = {approximate inverses, iterative methods, parallel algorithms, preconditioning, sparse linear systems, sparse matrices},
}

@inproceedings{benzi,
	title={A comparative study of sparse approximate inverse preconditioners},
	author={Michele Benzi and Miroslav Tuma},
	year={1999}
}